@book{george2021,
  title     = {A Revolução Dos Bichos - Edição De Luxo},
  author    = {George Orwell},
  publisher = {Excelsior},
  year      = {2021},
  month     = {04},
  day       = {19},
  isbn      = {9786587435244}
}

@book{assis2019,
  title     = {Dom Casmurro},
  author    = {Machado De Assis},
  publisher = {Principis},
  year      = {2019},
  month     = {05},
  day       = {02},
  pagecount = {208},
  isbn      = {9788594318602}
}
